@article{Siegelmann_Sontag95,
  title={On the computational power of neural nets},
  author={H.T. Siegelmann and E.D. Sontag},
  journal={Journal of computer and system sciences},
  volume={50},
  number={1},
  pages={132--150},
  year={1995},
  publisher={Elsevier}
}

@article{Mostafa_Cauwenberghs18,
  title={A learning framework for winner-take-all networks with stochastic synapses},
  author={Hesham Mostafa and Gert Cauwenberghs},
  journal={Neural computation},
  volume={30},
  number={6},
  pages={1542--1572},
  year={2018},
  publisher={MIT Press}
}

@book{Ince92,
  title={Mechanical intelligence (collected works of AM Turing)},
  author={D.C. Ince},
  year={1992},
  publisher={North-Holland Publishing Co.}
}