

@article{boahen_neuromorphs_2017,
  author =        {Boahen, K.},
  journal =       {Computing in Science Engineering},
  month =         mar,
  number =        {2},
  pages =         {14--28},
  title =         {A neuromorph's prospectus},
  volume =        {19},
  year =          {2017},
  doi =           {10.1109/MCSE.2017.33},
  issn =          {1521-9615},
}

@article{tavanaei_deep_2018,
  author =        {Tavanaei, Amirhossein and Ghodrati, Masoud and
                   Kheradpisheh, Saeed Reza and Masquelier, Timothee and
                   Maida, Anthony S.},
  journal =       {arXiv:1804.08150 [cs]},
  month =         apr,
  note =          {arXiv: 1804.08150},
  title =         {Deep {Learning} in {Spiking} {Neural} {Networks}},
  year =          {2018},
}



@article{brea_matching_2013,
	title = {Matching {Recall} and {Storage} in {Sequence} {Learning} with {Spiking} {Neural} {Networks}},
	volume = {33},
	copyright = {Copyright © 2013 the authors 0270-6474/13/339565-11\$15.00/0},
	issn = {0270-6474, 1529-2401},
	doi = {10.1523/JNEUROSCI.4098-12.2013},
	language = {en},
	number = {23},
	journal = {J. Neurosci.},
	author = {Brea, Johanni and Senn, Walter and Pfister, Jean-Pascal},
	month = jun,
	year = {2013},
	pmid = {23739954},
	keywords = {trajectory, variational learning},
	pages = {9565--9575},
}


@article{ackley_learning_1985,
	title = {A learning algorithm for {Boltzmann} machines},
	volume = {9},
	number = {1},
	journal = {Cognitive Science: A Multidisciplinary Journal},
	author = {Ackley, D.H. and Hinton, G.E. and Sejnowski, T.J.},
	year = {1985},
	pages = {147--169},
}

@article{courbariaux_binarized_2016,
	title = {Binarized {Neural} {Networks}: {Training} {Deep} {Neural} {Networks} with {Weights} and {Activations} {Constrained} to +1 or -1},
	shorttitle = {Binarized {Neural} {Networks}},
	journal = {arXiv:1602.02830 [cs]},
	author = {Courbariaux, Matthieu and Hubara, Itay and Soudry, Daniel and El-Yaniv, Ran and Bengio, Yoshua},
	month = feb,
	year = {2016},
	note = {arXiv: 1602.02830},
	keywords = {Computer Science - Learning},
}

@article{gardner_learning_2015,
	title = {Learning {Spatiotemporally} {Encoded} {Pattern} {Transformations} in {Structured} {Spiking} {Neural} {Networks}},
	volume = {27},
	issn = {0899-7667},
	number = {12},
	journal = {Neural Comput},
	author = {Gardner, Brian and Sporea, Ioana and Grüning, André},
	month = oct,
	year = {2015},
	pages = {2548--2586},
}

@article{esser_convolutional_2016,
	title = {Convolutional networks for fast, energy-efficient neuromorphic computing},
	volume = {113},
	issn = {0027-8424},
	doi = {10.1073/pnas.1604850113},
	number = {41},
	journal = {Proc Natl Acad Sci U S A},
	author = {Esser, Steven K. and Merolla, Paul A. and Arthur, John V. and Cassidy, Andrew S. and Appuswamy, Rathinakumar and Andreopoulos, Alexander and Berg, David J. and McKinstry, Jeffrey L. and Melano, Timothy and Barch, Davis R. and di Nolfo, Carmelo and Datta, Pallab and Amir, Arnon and Taba, Brian and Flickner, Myron D. and Modha, Dharmendra S.},
	month = oct,
	year = {2016},
	pmid = {27651489},
	pmcid = {PMC5068316},
	pages = {11441--11446},
}



@article{pfister_optimal_2006,
	title = {Optimal {Spike}-{Timing}-{Dependent} {Plasticity} for {Precise} {Action} {Potential} {Firing} in {Supervised} {Learning}},
	volume = {18},
	issn = {0899-7667},
	doi = {10.1162/neco.2006.18.6.1318},
	number = {6},
	journal = {Neural Computation},
	author = {Pfister, Jean-Pascal and Toyoizumi, Taro and Barber, David and Gerstner, Wulfram},
	month = apr,
	year = {2006},
	keywords = {plasticity},
	pages = {1318--1348},
}




@article{rezende_stochastic_2014,
	title = {Stochastic variational learning in recurrent spiking networks},
	volume = {8},
	doi = {10.3389/fncom.2014.00038},
	journal = {Front. Comput. Neurosci},
	author = {Rezende, Danilo Jimenez and Gerstner, Wulfram},
	year = {2014},
	keywords = {Action Potentials, Neural networks, Spiking neurons, Synapses, variational learning},
	pages = {38},
}



@article{bengio_estimating_2013,
	title = {Estimating or {Propagating} {Gradients} {Through} {Stochastic} {Neurons} for {Conditional} {Computation}},
	journal = {arXiv:1308.3432 [cs]},
	author = {Bengio, Yoshua and Léonard, Nicholas and Courville, Aaron},
	month = aug,
	year = {2013},
	note = {arXiv: 1308.3432},
	keywords = {Computer Science - Machine Learning},
}



@article{shrestha_slayer:_2018,
	title = {{SLAYER}: {Spike} {Layer} {Error} {Reassignment} in {Time}},
	shorttitle = {{SLAYER}},
	journal = {arXiv:1810.08646 [cs, stat]},
	author = {Shrestha, Sumit Bam and Orchard, Garrick},
	month = sep,
	year = {2018},
	note = {arXiv: 1810.08646},
	keywords = {Computer Science - Machine Learning, Computer Science - Neural and Evolutionary Computing, Statistics - Machine Learning},
}



@article{bellec_long_2018,
	title = {Long short-term memory and {Learning}-to-learn in networks of spiking neurons},
	journal = {arXiv:1803.09574 [cs, q-bio]},
	author = {Bellec, Guillaume and Salaj, Darjan and Subramoney, Anand and Legenstein, Robert and Maass, Wolfgang},
	month = mar,
	year = {2018},
	note = {arXiv: 1803.09574},
	keywords = {Computer Science - Neural and Evolutionary Computing, Quantitative Biology - Neurons and Cognition},
}

@article{zenke_superspike:_2018,
	title = {{SuperSpike}: {Supervised} {Learning} in {Multilayer} {Spiking} {Neural} {Networks}},
	volume = {30},
	issn = {0899-7667},
	shorttitle = {{SuperSpike}},
	doi = {10.1162/neco_a_01086},
	number = {6},
	journal = {Neural Computation},
	author = {Zenke, Friedemann and Ganguli, Surya},
	month = apr,
	year = {2018},
	keywords = {Computer Science - Learning, Computer Science - Neural and Evolutionary Computing, Quantitative Biology - Neurons and Cognition, Statistics - Machine Learning},
	pages = {1514--1541},
}


@article{banerjee_learning_2016,
	title = {Learning {Precise} {Spike} {Train}–to–{Spike} {Train} {Transformations} in {Multilayer} {Feedforward} {Neuronal} {Networks}},
	volume = {28},
	issn = {0899-7667},
	doi = {10.1162/NECO_a_00829},
	number = {5},
	journal = {Neural Computation},
	author = {Banerjee, Arunava},
	month = mar,
	year = {2016},
	pages = {826--848},
}





@article{masquelier_unsupervised_2007,
    title = {Unsupervised {Learning} of {Visual} {Features} through {Spike} {Timing} {Dependent} {Plasticity}},
    volume = {3},
    doi = {10.1371/journal.pcbi.0030031},
    number = {2},
    journal = {PLoS Comput Biol},
    author = {Masquelier, Timothée and Thorpe, Simon J},
    month = feb,
    year = {2007},
    pages = {e31},
}


@article{gerstner_eligibility_2018,
    title = {Eligibility {Traces} and {Plasticity} on {Behavioral} {Time} {Scales}: {Experimental} {Support} of {NeoHebbian} {Three}-{Factor} {Learning} {Rules}},
    volume = {12},
    issn = {1662-5110},
    shorttitle = {Eligibility {Traces} and {Plasticity} on {Behavioral} {Time} {Scales}},
    doi = {10.3389/fncir.2018.00053},
    language = {English},
    journal = {Frontiers in Neural Circuits},
    author = {Gerstner, Wulfram and Lehmann, Marco and Liakoni, Vasiliki and Corneil, Dane and Brea, Johanni},
    year = {2018},
    keywords = {Behavioral learning, Elibility trace, Hebb rule, neuromodulators, reinforcement learning, surprise, synaptic plasticity, synaptic tagging},
}


@article{bohte_error-backpropagation_2002,
    title = {Error-backpropagation in temporally encoded networks of spiking neurons},
    volume = {48},
    number = {1},
    journal = {Neurocomputing},
    author = {Bohte, Sander M and Kok, Joost N and La Poutre, Han},
    year = {2002},
    keywords = {Spiking neurons, temporal coding, Error-backpropagation},
    pages = {17--37},
}   


@article{memmesheimer_learning_2014,
    title = {Learning {Precisely} {Timed} {Spikes}},
    volume = {82},
    issn = {0896-6273},
    doi = {10.1016/j.neuron.2014.03.026},
    number = {4},
    journal = {Neuron},
    author = {Memmesheimer, Raoul-Martin and Rubin, Ran and Ölveczky, Bence P. and Sompolinsky, Haim},
    month = may,
    year = {2014},
    pages = {925--938},
}

@article{ponulak_supervised_2009,
    title = {Supervised {Learning} in {Spiking} {Neural} {Networks} with {ReSuMe}: {Sequence} {Learning}, {Classification}, and {Spike} {Shifting}},
    volume = {22},
    issn = {0899-7667},
    shorttitle = {Supervised {Learning} in {Spiking} {Neural} {Networks} with {ReSuMe}},
    doi = {10.1162/neco.2009.11-08-901},
    number = {2},
    journal = {Neural Computation},
    author = {Ponulak, Filip and Kasiński, Andrzej},
    month = oct,
    year = {2009},
    pages = {467--510},
} 

@article{florian_chronotron:_2012,
    title = {The {Chronotron}: {A} {Neuron} {That} {Learns} to {Fire} {Temporally} {Precise} {Spike} {Patterns}},
    volume = {7},
    issn = {1932-6203},
    shorttitle = {The {Chronotron}},
    doi = {10.1371/journal.pone.0040233},
    number = {8},
    journal = {PLOS ONE},
    author = {Florian, Răzvan V.},
    month = aug,
    year = {2012},
    keywords = {Action Potentials, Learning, Memory, Neuronal Plasticity, Neurons, Synapses, Membrane potential, Coding mechanisms},
    pages = {e40233},
}

@inproceedings{bohte_error-backpropagation_2011,
	series = {Lecture {Notes} in {Computer} {Science}},
	title = {Error-{Backpropagation} in {Networks} of {Fractionally} {Predictive} {Spiking} {Neurons}},
	isbn = {978-3-642-21734-0 978-3-642-21735-7},
	doi = {10.1007/978-3-642-21735-7_8},
	language = {en},
	booktitle = {Artificial {Neural} {Networks} and {Machine} {Learning} – {ICANN} 2011},
	publisher = {Springer, Berlin, Heidelberg},
	author = {Bohte, Sander M.},
	month = jun,
	year = {2011},
	pages = {60--68},
}

@article{mohemmed_span:_2012,
	title = {Span: spike pattern association neuron for learning spatio-temporal spike patterns},
	volume = {22},
	issn = {0129-0657},
	shorttitle = {Span},
	doi = {10.1142/S0129065712500128},
	number = {04},
	urldate = {2016-08-12},
	journal = {Int. J. Neur. Syst.},
	author = {Mohemmed, Ammar and Schliebs, Stefan and Matsuda, Satoshi and Kasabov, Nikola},
	month = jun,
	year = {2012},
	pages = {1250012},
}

